@inproceedings{koren2011ordrec,
  title={OrdRec: an ordinal model for predicting personalized item rating distributions},
  author={Koren, Yehuda and Sill, Joe},
  booktitle={Proceedings of the fifth ACM conference on Recommender systems},
  pages={117--124},
  year={2011},
  organization={ACM}
}

@inproceedings{weimer2007cofi,
  title={Cofi rank-maximum margin matrix factorization for collaborative ranking},
  author={Weimer, Markus and Karatzoglou, Alexandros and Le, Quoc V and Smola, Alex J},
  booktitle={Advances in neural information processing systems},
  pages={1593--1600},
  year={2007}
}

@inproceedings{yang2011collaborative,
  title={Collaborative competitive filtering: learning recommender using context of user choice},
  author={Yang, Shuang-Hong and Long, Bo and Smola, Alexander J and Zha, Hongyuan and Zheng, Zhaohui},
  booktitle={Proceedings of the 34th international ACM SIGIR conference on Research and development in Information Retrieval},
  pages={295--304},
  year={2011},
  organization={ACM}
}

@inproceedings{liu2008eigenrank,
  title={Eigenrank: a ranking-oriented approach to collaborative filtering},
  author={Liu, Nathan N and Yang, Qiang},
  booktitle={Proceedings of the 31st annual international ACM SIGIR conference on Research and development in information retrieval},
  pages={83--90},
  year={2008},
  organization={ACM}
}

@inproceedings{liu2009probabilistic,
  title={Probabilistic latent preference analysis for collaborative filtering},
  author={Liu, Nathan N and Zhao, Min and Yang, Qiang},
  booktitle={Proceedings of the 18th ACM conference on Information and knowledge management},
  pages={759--766},
  year={2009},
  organization={ACM}
}

@inproceedings{hu2008collaborative,
  title={Collaborative filtering for implicit feedback datasets},
  author={Hu, Yifan and Koren, Yehuda and Volinsky, Chris},
  booktitle={Data Mining, 2008. ICDM'08. Eighth IEEE International Conference on},
  pages={263--272},
  year={2008},
  organization={IEEE}
}
