@inproceedings{bianchi2013line,
    title={On-line learning gossip algorithm in multi-agent systems with local decision rules},
    author={Bianchi, Pascal and Cl{\'e}men{\c{c}}on, St{\'e}phan and Morrai, Gemma and Jakubowicz, J},
    booktitle={Big Data, 2013 IEEE International Conference on},
    pages={6--14},
    year={2013},
    organization={IEEE}
}
