@article{rao1996markov,
    title={A Markov chain Monte Carlo method for generating random (0, 1)-matrices with given marginals},
    author={Rao, A Ramachandra and Jana, Rabindranath and Bandyopadhyay, Suraj},
    journal={Sankhy{\=a}: The Indian Journal of Statistics, Series A},
    pages={225--242},
    year={1996},
    publisher={JSTOR}
}

@incollection{ray2012we,
    title={Are we there yet? when to stop a markov chain while generating random graphs},
    author={Ray, Jaideep and Pinar, Ali and Seshadhri, C},
    booktitle={Algorithms and Models for the Web Graph},
    pages={153--164},
    year={2012},
    publisher={Springer}
}

@article{newman2001random,
    title={Random graphs with arbitrary degree distributions and their applications},
    author={Newman, Mark EJ and Strogatz, Steven H and Watts, Duncan J},
    journal={Physical Review E},
    volume={64},
    number={2},
    pages={026118},
    year={2001},
    publisher={APS}
}

@inproceedings{chen2002origin,
    title={The origin of power laws in Internet topologies revisited},
    author={Chen, Qian and Chang, Hyunseok and Govindan, Ramesh and Jamin, Sugih},
    booktitle={INFOCOM 2002. Twenty-First Annual Joint Conference of the IEEE Computer and Communications Societies. Proceedings. IEEE},
    volume={2},
    pages={608--617},
    year={2002},
    organization={IEEE}
}

@article{erdHos1960evolution,
    title={On the evolution of random graphs},
    author={Erd{\H{o}}s, Paul and R{\'e}nyi, Alfr{\'e}d},
    journal={Magyar Tud. Akad. Mat. Kutat{\'o} Int. K{\"o}zl},
    volume={5},
    pages={17--61},
    year={1960}
}

@incollection{leskovec2005realistic,
    title={Realistic, mathematically tractable graph generation and evolution, using kronecker multiplication},
    author={Leskovec, Jurij and Chakrabarti, Deepayan and Kleinberg, Jon and Faloutsos, Christos},
    booktitle={Knowledge Discovery in Databases: PKDD 2005},
    pages={133--145},
    year={2005},
    publisher={Springer}
}

@article{Leskovec:2007:GED:1217299.1217301,
    author = {Leskovec, Jure and Kleinberg, Jon and Faloutsos, Christos},
    title = {Graph Evolution: Densification and Shrinking Diameters},
    journal = {ACM Trans. Knowl. Discov. Data},
    issue_date = {March 2007},
    volume = {1},
    number = {1},
    month = mar,
    year = {2007},
    issn = {1556-4681},
    articleno = {2},
    url = {http://doi.acm.org/10.1145/1217299.1217301},
    doi = {10.1145/1217299.1217301},
    acmid = {1217301},
    publisher = {ACM},
    address = {New York, NY, USA},
    keywords = {Densification power laws, graph generators, graph mining, heavy-tailed distributions, small-world phenomena},
}
