@inproceedings{bianchi2013line,
    title={On-line learning gossip algorithm in multi-agent systems with local decision rules},
    author={Bianchi, Pascal and Cl{\'e}men{\c{c}}on, St{\'e}phan and Morrai, Gemma and Jakubowicz, J},
    booktitle={Big Data, 2013 IEEE International Conference on},
    pages={6--14},
    year={2013},
    organization={IEEE}
}

@article{duchi2012dual,
    title={Dual averaging for distributed optimization: convergence analysis and network scaling},
    author={Duchi, John C and Agarwal, Alekh and Wainwright, Martin J},
    journal={Automatic Control, IEEE Transactions on},
    volume={57},
    number={3},
    pages={592--606},
    year={2012},
    publisher={IEEE}
}

@article{clemenccon2014statistical,
    title={A statistical view of clustering performance through the theory of U-processes},
    author={Cl{\'e}men{\c{c}}on, St{\'e}phan},
    journal={Journal of Multivariate Analysis},
    volume={124},
    pages={42--56},
    year={2014},
    publisher={Elsevier}
}

@article{nesterov2009primal,
    title={Primal-dual subgradient methods for convex problems},
    author={Nesterov, Yurii},
    journal={Mathematical programming},
    volume={120},
    number={1},
    pages={221--259},
    year={2009},
    publisher={Springer}
}

@article{xiao2010dual,
    title={Dual Averaging Methods for Regularized Stochastic Learning and Online Optimization.},
    author={Xiao, Lin and others},
    journal={Journal of Machine Learning Research},
    volume={11},
    number={2543-2596},
    pages={4},
    year={2010}
}
